@book{bishop2006pattern,
  title={Pattern recognition and machine learning},
  author={Bishop, Christopher M},
  year={2006},
  publisher={springer}
}
@book{kiefer2008adding,
  title={Adding data mining support to SPARQL via statistical relational learning methods},
  author={Kiefer, Christoph and Bernstein, Abraham and Locher, Andr{\'e}},
  year={2008},
  publisher={Springer}
}
@inproceedings{paulheim2012unsupervised,
  title={Unsupervised generation of data mining features from linked open data},
  author={Paulheim, Heiko and F{\"u}mkranz, Johannes},
  booktitle={Proceedings of the 2nd international conference on web intelligence, mining and semantics},
  pages={31},
  year={2012},
  organization={ACM}
}
@book{segaran2009programming,
  title={Programming the semantic web},
  author={Segaran, Toby and Evans, Colin and Taylor, Jamie},
  year={2009},
  publisher={" O'Reilly Media, Inc."}
}